@manual{8tsCsW0MrBCUhSNj,
  title = {Road lighting - Part 2},
  publisher = {Český normalizační institut},
  address = {Prague},
  year = {2005},
  edition = {may 2005},
}

