@misc{sUxnbVrV9YEpTlPp,
  journal = {Helios32},
  title = {Eulumdat},
  year = {1999-2014},
  url = {http://www.helios32.com/Eulumdat.htm},
}

