@book{Habel2013,
  author = {Jiří Habel},
  title = {Světlo a osvětlování},
  publisher = {FCC Public},
  address = {Praha},
  year = {2013},
}

