@misc{pgXLGup7EmLGSmri,
  journal = {JKV Opava s.r.o.},
  title = {JKV Opava s.r.o. ::: Sv√≠tidla Schreder},
  year = {2014},
  url = {http://www.jkvopava.cz/jkv/produkty/schreder.php},
}

