@misc{z3CdQ5UU48hZoOaU,
  journal = {Osram},
  title = {VIALOX NAV-T SUPER 6Y},
  year = {2015},
  url = {http://www.osram.com/osram_com/products/lamps/high-intensity-discharge-lamps/high-pressure-sodium-vapor-lamps-for-open-and-enclosed-luminaires/vialox-nav-t-super-6y/index.jsp},
}

