@misc{sUxnbVrV9YEpTlPp,
  journal = {SCHREDER GULF},
  title = {SCHREDER GULF - Products - ATOS},
  year = {2015},
  url = {http://www.schreder.com/en-aes/Products/Pages/ATOS.aspx},
}

